%% This BibTeX bibliography file was created using BibDesk.
%% http://bibdesk.sourceforge.net/


%% Created for Blanchet-Cohen Alexis at 2014-04-01 15:59:53 -0400 


%% Saved with string encoding Unicode (UTF-8) 



@article{macs,
	Author = {Zhang, Y. and Liu,T. and Meyer,C.A. and Eeckhoute,J. and Johnson,D.S. and Bernstein,B.E. Nusbaum,C. and Myers,R.M. and Brown,M. and Li,W. and Liu, X.S.},
	Date-Added = {2014-04-01 19:56:09 +0000},
	Date-Modified = {2014-04-01 19:59:53 +0000},
	Journal = {Genome Biology},
	Title = {Model-based Analysis of ChIP-Seq (MACS)},
	Year = {2008}}

@article{bowtie2,
	Author = {Langmead, B. and Salzberg, S.},
	Date-Added = {2013-08-16 14:11:20 +0000},
	Date-Modified = {2014-03-27 17:11:31 +0000},
	Journal = {Nature Methods},
	Pages = {357-359},
	Title = {Fast gapped-read alignment with Bowtie 2.},
	Volume = {9},
	Year = {2012}}

@article{homer,
	Author = {Heinz, S. and Benner, C. and Spann, N. and Bertolino, E. and et al.},
	Date-Added = {2013-08-16 14:07:04 +0000},
	Date-Modified = {2013-08-16 14:13:59 +0000},
	Journal = {Mol Cell},
	Number = {38},
	Pages = {576-589},
	Title = {Simple Combinations of Lineage-Determining Transcription Factors Prime cis-Regulatory Elements Required for Macrophage and B Cell Identities.},
	Volume = {4},
	Year = {2010}}

@article{dexseq,
	Author = {Simon, A. and Alejandro R. and Wolfgang H.},
	Date-Added = {2013-06-07 18:52:23 +0000},
	Date-Modified = {2013-06-07 18:54:13 +0000},
	Journal = {Genome Research},
	Title = {Detecting differential usage of exons from RNA-seq data},
	Year = {2012}}

@article{goseq,
	Author = {Young, M.D. and Wakefield, M.J. and Smyth, G.K. and Oshlack, A.},
	Date-Added = {2013-06-03 19:48:26 +0000},
	Date-Modified = {2013-06-03 19:50:39 +0000},
	Journal = {Genome Biology},
	Number = {2},
	Title = {Gene ontology analysis for RNA-seq: accounting for selection bias},
	Volume = {11},
	Year = {2011}}

@article{findPeaks,
	Author = {Fejes, A.P. and Robertson, G. and Bilenky, M. and Varhol, R. and Bainbridge, M. and Jones, S.J.},
	Date-Added = {2013-03-05 01:00:09 +0000},
	Date-Modified = {2013-03-05 01:03:25 +0000},
	Journal = {Bioinformatics},
	Title = {FindPeaks 3.1: a tool for identifying areas of enrichment from massively parallel short-read sequencing technology},
	Year = {2008}}

@article{fastqc,
	Author = {Andrews, S.},
	Date-Added = {2013-03-04 12:22:09 +0000},
	Date-Modified = {2013-03-04 12:23:57 +0000},
	Journal = {http://www.bioinformatics.babraham.ac.uk/projects/fastqc/},
	Title = {FastQC: A quality control tool for high throughput sequence data.},
	Year = {2012}}

@article{rnaseqc_2012,
	Author = {Deluca, D.S. and Levin, J.Z. and Sivachenko, A. and Fennell, T. and Nazaire, M.D. and Williams C. and Reich, M. and Winckler, W. and Getz, G.},
	Date-Added = {2013-03-04 12:17:55 +0000},
	Date-Modified = {2013-03-04 12:19:38 +0000},
	Journal = {Bioinformatics},
	Title = {RNA-SeQC: RNA-seq metrics for quality control and process optimization.},
	Year = {2012}}

@article{htseq_count,
	Author = {Anders S.},
	Date-Added = {2013-03-04 00:33:19 +0000},
	Date-Modified = {2013-03-04 00:37:34 +0000},
	Journal = {http://www-huber.embl.de/users/anders/HTSeq},
	Title = {HTSeq: Analysing high-throughput sequencing data with Python},
	Year = {2012}}

@article{deseq_2010,
	Author = {Simon, A. and Wolfgang H.},
	Doi = {10.1186/gb-2010-11-10-r106},
	Journal = {Genome Biology},
	Pages = {R106},
	Title = {Differential expression analysis for sequence count data},
	Url = {http://genomebiology.com/2010/11/10/R106/},
	Volume = {11},
	Year = {2010},
	Bdsk-Url-1 = {http://genomebiology.com/2010/11/10/R106/},
	Bdsk-Url-2 = {http://dx.doi.org/10.1186/gb-2010-11-10-r106}}

@article{cuffdiff-2012,
	Author = {Trapnell, C. and Hendrickson, D.G. and Sauvageau, M. and Goff, L. and Rinn, J.L and Lior, P.},
	Date-Added = {2013-03-03 22:05:01 +0000},
	Date-Modified = {2013-03-03 22:12:26 +0000},
	Journal = {Nature Biotechnology},
	Title = {Differential analysis of gene regulation at transcript resolution with RNA-seq Differential analysis of gene regulation at transcript resolution with RNA-seq},
	Volume = {31},
	Year = {2012}}

@article{trapnell_2012,
	Author = {Trapnell, C. and Roberts, A. and Loyal, G. and Pertea, G. and Kim, D. and Kelley, D. R. and Pimentel, H. and Salzberg, S.L. and Rinn, J.L and Pachter, L.},
	Date-Added = {2013-03-03 21:55:11 +0000},
	Date-Modified = {2013-03-03 22:12:31 +0000},
	Journal = {Nat. Protocols},
	Title = {Differential gene and transcript expression analysis of RNA-seq experiments with TopHat and Cufflinks},
	Volume = {7},
	Year = {2012}}

@article{gatk,
	Author = {McKenna, A. and Hanna, M. and Banks, E. and Sivachenko, A. and Cibulskis, K. and Kernytsky, A. and Garimella, K. and Altshuler, D. and Gabriel, S. and Daly, M. and DePristo, M.A.},
	Date-Added = {2013-03-03 21:20:40 +0000},
	Date-Modified = {2013-03-03 21:26:39 +0000},
	Journal = {Genome Res.},
	Pages = {1297-303},
	Title = {The Genome Analysis Toolkit: a MapReduce framework for analyzing next-generation DNA sequencing data.},
	Volume = {20},
	Year = {2010}}

@article{trimmomatic,
	Author = {Lohse, M. and Bolger, A. M. and Nagel, A. and Fernie, A. R. and Lunn, J.E. and Stitt, M. and Usadel, B.},
	Date-Added = {2013-03-03 15:44:12 +0000},
	Date-Modified = {2013-03-03 16:29:17 +0000},
	Journal = {Nucleic Acids Res.},
	Read = {0},
	Title = {RobiNA: a user-friendly, integrated software solution for RNA-Seq-based transcriptomics.},
	Volume = {40},
	Year = {2012},
	Bdsk-File-1 = {YnBsaXN0MDDUAQIDBAUGJCVYJHZlcnNpb25YJG9iamVjdHNZJGFyY2hpdmVyVCR0b3ASAAGGoKgHCBMUFRYaIVUkbnVsbNMJCgsMDxJXTlMua2V5c1pOUy5vYmplY3RzViRjbGFzc6INDoACgAOiEBGABIAFgAdccmVsYXRpdmVQYXRoWWFsaWFzRGF0YV8QNC4uLy4uL0RvY3VtZW50cy9BcnRpY2xlcyBhbmQgTWFudWFscy9UcmltbW9tYXRpYy5wZGbSFwsYGVdOUy5kYXRhTxEBsgAAAAABsgACAAAIVW50aXRsZWQAAAAAAAAAAAAAAAAAAAAAAAAAyv+PxUgrAAAAYzm1D1RyaW1tb21hdGljLnBkZgAAAAAAAAAAAAAAAAAAAAAAAAAAAAAAAAAAAAAAAAAAAAAAAAAAAAAAAAAAAAAAAABrEFTNWNniUERGIENBUk8AAgADAAAJIAAAAAAAAAAAAAAAAAAAABRBcnRpY2xlcyBhbmQgTWFudWFscwAQAAgAAMr/1hUAAAARAAgAAM1ZIDIAAAABABAAYzm1AEibowBIm6EAAL8SAAIASVVudGl0bGVkOlVzZXJzOgBibGFuY2hhOgBEb2N1bWVudHM6AEFydGljbGVzIGFuZCBNYW51YWxzOgBUcmltbW9tYXRpYy5wZGYAAA4AIAAPAFQAcgBpAG0AbQBvAG0AYQB0AGkAYwAuAHAAZABmAA8AEgAIAFUAbgB0AGkAdABsAGUAZAASADxVc2Vycy9ibGFuY2hhL0RvY3VtZW50cy9BcnRpY2xlcyBhbmQgTWFudWFscy9UcmltbW9tYXRpYy5wZGYAEwABLwAAFQACAA7//wAAgAbSGxwdHlokY2xhc3NuYW1lWCRjbGFzc2VzXU5TTXV0YWJsZURhdGGjHR8gVk5TRGF0YVhOU09iamVjdNIbHCIjXE5TRGljdGlvbmFyeaIiIF8QD05TS2V5ZWRBcmNoaXZlctEmJ1Ryb290gAEACAARABoAIwAtADIANwBAAEYATQBVAGAAZwBqAGwAbgBxAHMAdQB3AIQAjgDFAMoA0gKIAooCjwKaAqMCsQK1ArwCxQLKAtcC2gLsAu8C9AAAAAAAAAIBAAAAAAAAACgAAAAAAAAAAAAAAAAAAAL2}}
